<?xml version='1.0' encoding='UTF-8'?>
<record xmlns="http://www.loc.gov/MARC21/slim">
  <leader>01537cam a2200373 a 4500</leader>
  <controlfield tag="001">372189</controlfield>
  <controlfield tag="003">NjP</controlfield>
  <controlfield tag="005">20170619131043.0</controlfield>
  <controlfield tag="008">870114s1910    ua      r     000 0 arard</controlfield>
  <datafield tag="024" ind1="7" ind2=" ">
    <subfield code="a">princeton_aco002811</subfield>
    <subfield code="2">local</subfield>
  </datafield>
  <datafield ind1=" " ind2=" " tag="035">
    <subfield code="a">(OCoLC)ocn175419148</subfield>
  </datafield>
  <datafield ind1=" " ind2=" " tag="035">
    <subfield code="a">(OCoLC)29927279</subfield>
  </datafield>
  <datafield ind1=" " ind2=" " tag="040">
    <subfield code="a">NjP</subfield>
    <subfield code="c">PUL</subfield>
    <subfield code="d">PUL</subfield>
  </datafield>
  <datafield ind1=" " ind2=" " tag="035">
    <subfield code="a">(OCoLC)175419148</subfield>
  </datafield>
  <datafield ind1=" " ind2=" " tag="035">
    <subfield code="a">(CStRLIN)NJPG87-B2140</subfield>
  </datafield>
  <datafield ind1=" " ind2=" " tag="035">
    <subfield code="9">ABU7619TS</subfield>
  </datafield>
  <datafield ind1=" " ind2=" " tag="035">
    <subfield code="a">(NjP)372189</subfield>
  </datafield>
  <datafield ind1=" " ind2=" " tag="043">
    <subfield code="a">ma-----</subfield>
  </datafield>
  <datafield ind1=" " ind2=" " tag="079">
    <subfield code="a">ocm29927279</subfield>
  </datafield>
  <datafield ind1=" " ind2=" " tag="049">
    <subfield code="a">PULL</subfield>
  </datafield>
  <datafield ind1="0" ind2=" " tag="100">
    <subfield code="6">880-01</subfield>
    <subfield code="a">Jawharī, Ṭanṭāwī,</subfield>
    <subfield code="d">1862-1940.</subfield>
    <subfield code="0">http://id.loc.gov/authorities/names/n85155854</subfield>
  </datafield>
  <datafield ind1="1" ind2="0" tag="245">
    <subfield code="6">880-02</subfield>
    <subfield code="a">Mudhakkirāt fī adabīyāt al-lughah al-ʻArabīyah /</subfield>
    <subfield code="c">Ṭanṭāwī Jawharī.</subfield>
  </datafield>
  <datafield ind1=" " ind2=" " tag="260">
    <subfield code="6">880-03</subfield>
    <subfield code="a">Miṣr :</subfield>
    <subfield code="b">Maṭbaʻat al-Shuʻab,</subfield>
    <subfield code="c">[1910]</subfield>
  </datafield>
  <datafield ind1=" " ind2=" " tag="300">
    <subfield code="a">121 p. ;</subfield>
    <subfield code="c">24 cm.</subfield>
  </datafield>
  <datafield ind1=" " ind2=" " tag="533">
    <subfield code="a">Photocopy.</subfield>
    <subfield code="b">Charlestown, MA :</subfield>
    <subfield code="c">Acme Bookbinding,</subfield>
    <subfield code="d">2001.</subfield>
    <subfield code="e">27 cm.</subfield>
    <subfield code="7">s2001    maun r</subfield>
  </datafield>
  <datafield ind1=" " ind2="0" tag="650">
    <subfield code="a">Arabic literature</subfield>
    <subfield code="y">To 622</subfield>
    <subfield code="x">History and criticism.</subfield>
    <subfield code="0">http://id.loc.gov/authorities/subjects/sh2009115251</subfield>
  </datafield>
  <datafield ind1=" " ind2="0" tag="650">
    <subfield code="a">Arabic literature</subfield>
    <subfield code="y">622-750</subfield>
    <subfield code="x">History and criticism.</subfield>
    <subfield code="0">http://id.loc.gov/authorities/subjects/sh2007101247</subfield>
  </datafield>
  <datafield ind1="0" ind2=" " tag="880">
    <subfield code="6">100-01/r</subfield>
    <subfield code="a">جوهري، طنطاوي،</subfield>
    <subfield code="d">1862-1940.</subfield>
  </datafield>
  <datafield ind1="1" ind2="0" tag="880">
    <subfield code="6">245-02/r</subfield>
    <subfield code="a">مذكرات في ادبيات اللغة العربية /</subfield>
    <subfield code="c">طنطاوي جوهري.</subfield>
  </datafield>
  <datafield ind1=" " ind2=" " tag="880">
    <subfield code="6">260-03/r</subfield>
    <subfield code="a">مصر :</subfield>
    <subfield code="b">مطبعة الشعب،</subfield>
    <subfield code="c">[1910]</subfield>
  </datafield>
  <datafield ind1=" " ind2=" " tag="998">
    <subfield code="a">01/14/87</subfield>
    <subfield code="s">9124</subfield>
    <subfield code="n">NjP</subfield>
    <subfield code="w">NJPG87B2140</subfield>
    <subfield code="d">01/14/87</subfield>
    <subfield code="c">SSH</subfield>
    <subfield code="b">KE</subfield>
    <subfield code="i">870114</subfield>
    <subfield code="l">NJPG</subfield>
  </datafield>
  <datafield ind1=" " ind2=" " tag="948">
    <subfield code="a">CON PC2</subfield>
  </datafield>
  <datafield ind1=" " ind2=" " tag="911">
    <subfield code="a">19921028</subfield>
  </datafield>
  <datafield ind1=" " ind2=" " tag="912">
    <subfield code="a">19900827000000.0</subfield>
  </datafield>
  <datafield ind1=" " ind2=" " tag="994">
    <subfield code="a">C0</subfield>
    <subfield code="b">PUL</subfield>
  </datafield>
  <datafield ind1=" " ind2=" " tag="999">
    <subfield code="a">372189</subfield>
  </datafield>
  <datafield ind1="0" ind2="0" tag="852">
    <subfield code="0">406532</subfield>
    <subfield code="b">rcppa</subfield>
    <subfield code="t">1</subfield>
    <subfield code="h">PJ7528</subfield>
    <subfield code="i">.xT36</subfield>
    <subfield code="x">tr fr arab</subfield>
  </datafield>
  <datafield ind1=" " ind2=" " tag="959">
    <subfield code="a">2001-04-03 12:59:58 -0500</subfield>
  </datafield>
</record>
